<record><leader>00000cas a22000007a 4500</leader><controlfield tag="001">10331196</controlfield><controlfield tag="008">840124d18581954njuwr ne      0    0ger d</controlfield><datafield ind1=" " ind2=" " tag="010"><subfield code="a">sn 84026196 </subfield></datafield><datafield ind1=" " ind2=" " tag="040"><subfield code="a">NPU</subfield><subfield code="b">eng</subfield><subfield code="c">NPU</subfield><subfield code="d">NPX</subfield><subfield code="d">NPA</subfield><subfield code="d">NJW</subfield><subfield code="d">NPA</subfield><subfield code="d">NJW</subfield><subfield code="d">YOX</subfield><subfield code="d">OCL</subfield><subfield code="d">KRTAS</subfield><subfield code="d">OCLCQ</subfield><subfield code="d">OCLCF</subfield><subfield code="d">OCLCO</subfield></datafield><datafield ind1=" " ind2=" " tag="042"><subfield code="a">msc</subfield></datafield><datafield ind1=" " ind2=" " tag="043"><subfield code="a">n-us-nj</subfield></datafield><datafield ind1="0" ind2="0" tag="245"><subfield code="a">New Jersey freie Zeitung.</subfield></datafield><datafield ind1="1" ind2="3" tag="246"><subfield code="a">N.J. freie Zeitung</subfield></datafield><datafield ind1=" " ind2=" " tag="260"><subfield code="a">Newark, N.J. :</subfield><subfield code="b">B. Prieth</subfield></datafield><datafield ind1=" " ind2=" " tag="300"><subfield code="a">v. :</subfield><subfield code="b">ill. ;</subfield><subfield code="c">69 cm.</subfield></datafield><datafield ind1=" " ind2=" " tag="310"><subfield code="a">Weekly,</subfield><subfield code="b">1933-1954</subfield></datafield><datafield ind1=" " ind2=" " tag="321"><subfield code="a">Daily (except Sun.),</subfield><subfield code="b">1858-1916</subfield></datafield><datafield ind1=" " ind2=" " tag="321"><subfield code="a">Daily,</subfield><subfield code="b">1916-1930</subfield></datafield><datafield ind1=" " ind2=" " tag="321"><subfield code="a">Daily (except Sun.),</subfield><subfield code="b">1930-1933</subfield></datafield><datafield ind1="1" ind2=" " tag="362"><subfield code="a">Began with Apr. 25, 1858 issue; ceased in 1954.</subfield></datafield><datafield ind1=" " ind2=" " tag="500"><subfield code="a">Published at Irvington, N.J., 1947-1954.</subfield></datafield><datafield ind1=" " ind2=" " tag="500"><subfield code="a">Issue for Apr. 26, 1908 is 50th anniversary issue.</subfield></datafield><datafield ind1=" " ind2=" " tag="500"><subfield code="a">Republican, &lt;1869&gt;-1899; Independent Republican, 1900-1927; Independent, 1928-1954.</subfield></datafield><datafield ind1=" " ind2=" " tag="500"><subfield code="a">Editor: Benedict Prieth, &lt;1873, 1876&gt;.</subfield></datafield><datafield ind1=" " ind2=" " tag="515"><subfield code="a">Suspended with Dec. 31, 1932 issue; resumed with Jan. 20, 1933 issue.</subfield></datafield><datafield ind1=" " ind2=" " tag="546"><subfield code="a">In German.</subfield></datafield><datafield ind1=" " ind2=" " tag="580"><subfield code="a">Weekly ed.: Wo&#776;chentlicher New Jersey freie Zeitung (non-extant?).</subfield></datafield><datafield ind1=" " ind2=" " tag="580"><subfield code="a">Sunday eds.: Erza&#776;hler (Newark, N.J. : 1858); Erza&#776;hler (Newark, N.J. : 1930) (non-extant?).</subfield></datafield><datafield ind1=" " ind2=" " tag="580"><subfield code="a">English ed.: Newark free press (Newark, N.J. : 1930).</subfield></datafield><datafield ind1=" " ind2=" " tag="580"><subfield code="a">Continues: Newarker Zeitung (non-extant?).</subfield></datafield><datafield ind1=" " ind2=" " tag="580"><subfield code="a">Absorbed: New Jersey Post (non-extant?).</subfield></datafield><datafield ind1=" " ind2=" " tag="588"><subfield code="a">Description based on: Jahrg. 16, Nr. 31 (6. Feb. 1873).</subfield></datafield><datafield ind1=" " ind2="0" tag="650"><subfield code="a">Germans</subfield><subfield code="z">New Jersey</subfield><subfield code="v">Newspapers.</subfield></datafield><datafield ind1=" " ind2="0" tag="650"><subfield code="a">German Americans</subfield><subfield code="v">Newspapers.</subfield></datafield><datafield ind1=" " ind2="0" tag="651"><subfield code="a">Irvington (N.J.)</subfield><subfield code="v">Newspapers.</subfield></datafield><datafield ind1=" " ind2="0" tag="651"><subfield code="a">Newark (N.J.)</subfield><subfield code="v">Newspapers.</subfield></datafield><datafield ind1=" " ind2="7" tag="655"><subfield code="a">Newspapers.</subfield><subfield code="2">fast</subfield><subfield code="0">(OCoLC)fst01423814</subfield></datafield><datafield ind1=" " ind2="7" tag="650"><subfield code="a">German Americans.</subfield><subfield code="2">fast</subfield><subfield code="0">(OCoLC)fst00941308</subfield></datafield><datafield ind1=" " ind2="7" tag="650"><subfield code="a">Germans.</subfield><subfield code="2">fast</subfield><subfield code="0">(OCoLC)fst00942100</subfield></datafield><datafield ind1=" " ind2="7" tag="651"><subfield code="a">New Jersey.</subfield><subfield code="2">fast</subfield><subfield code="0">(OCoLC)fst01208379</subfield></datafield><datafield ind1=" " ind2="7" tag="651"><subfield code="a">New Jersey</subfield><subfield code="z">Irvington.</subfield><subfield code="2">fast</subfield><subfield code="0">(OCoLC)fst01219535</subfield></datafield><datafield ind1=" " ind2="7" tag="651"><subfield code="a">New Jersey</subfield><subfield code="z">Newark.</subfield><subfield code="2">fast</subfield><subfield code="0">(OCoLC)fst01205929</subfield></datafield><datafield ind1=" " ind2=" " tag="752"><subfield code="a">United States</subfield><subfield code="b">New Jersey</subfield><subfield code="c">Essex</subfield><subfield code="d">Irvington.</subfield></datafield><datafield ind1=" " ind2=" " tag="752"><subfield code="a">United States</subfield><subfield code="b">New Jersey</subfield><subfield code="c">Essex</subfield><subfield code="d">Newark.</subfield></datafield><datafield ind1="1" ind2=" " tag="775"><subfield code="t">Wo&#776;chentlicher New Jersey freie Zeitung</subfield></datafield><datafield ind1="1" ind2=" " tag="775"><subfield code="t">Erza&#776;hler (Newark, N.J.)</subfield><subfield code="w">(DLC)sn 87067074</subfield></datafield><datafield ind1="1" ind2=" " tag="775"><subfield code="t">Erza&#776;hler (Newark, N.J. : 1930)</subfield></datafield><datafield ind1="1" ind2=" " tag="775"><subfield code="t">Newark free press (Newark, N.J. : 1930)</subfield></datafield><datafield ind1="1" ind2="0" tag="780"><subfield code="t">Newarker Zeitung</subfield></datafield><datafield ind1="0" ind2="5" tag="780"><subfield code="t">New Jersey deutsche Zeitung</subfield><subfield code="w">(DLC)sn 85035830</subfield><subfield code="w">(OCoLC)12203241</subfield></datafield><datafield ind1="1" ind2="5" tag="780"><subfield code="t">New Jersey Post</subfield></datafield><datafield ind1=" " ind2=" " tag="938"><subfield code="a">Kirtas Technologies, Inc.</subfield><subfield code="b">KRTS</subfield><subfield code="n">738078</subfield></datafield></record>